<record><leader>00000cas a2200000 a 4500</leader><controlfield tag="001">12621782</controlfield><controlfield tag="008">851001d19261948ksuwr ne      0    0eng d</controlfield><datafield ind1=" " ind2=" " tag="010"><subfield code="a">sn 85030826 </subfield></datafield><datafield ind1=" " ind2=" " tag="040"><subfield code="a">KSH</subfield><subfield code="b">eng</subfield><subfield code="c">KSH</subfield><subfield code="d">NPT</subfield><subfield code="d">NSD</subfield><subfield code="d">OCL</subfield><subfield code="d">OCLCQ</subfield></datafield><datafield ind1=" " ind2=" " tag="042"><subfield code="a">msc</subfield></datafield><datafield ind1="0" ind2="4" tag="245"><subfield code="a">The Goodland news-republic.</subfield></datafield><datafield ind1=" " ind2=" " tag="260"><subfield code="a">Goodland, Kan. :</subfield><subfield code="b">Western Kansas Pub. Co.,</subfield><subfield code="c">1926-1948.</subfield></datafield><datafield ind1=" " ind2=" " tag="300"><subfield code="a">20 v. :</subfield><subfield code="b">ill. ;</subfield><subfield code="c">55 cm.</subfield></datafield><datafield ind1=" " ind2=" " tag="310"><subfield code="a">Weekly</subfield></datafield><datafield ind1="0" ind2=" " tag="362"><subfield code="a">Vol. 40, no. 1 (Apr. 8, 1926)-v. 60, no. 34 (Dec. 29, 1948).</subfield></datafield><datafield ind1=" " ind2=" " tag="580"><subfield code="a">Issued also in a daily edition called: Goodland daily news, Oct. 3, 1932-Dec. 29, 1948.</subfield></datafield><datafield ind1=" " ind2=" " tag="752"><subfield code="a">United States</subfield><subfield code="b">Kansas</subfield><subfield code="c">Sherman</subfield><subfield code="d">Goodland.</subfield></datafield><datafield ind1="1" ind2=" " tag="775"><subfield code="t">Goodland daily news</subfield><subfield code="w">(DLC)sn 85030827</subfield></datafield><datafield ind1="0" ind2="4" tag="780"><subfield code="t">Goodland republic (Goodland, Kan. : 1917)</subfield><subfield code="w">(DLC)sn 85032807</subfield></datafield><datafield ind1="0" ind2="4" tag="780"><subfield code="t">Western Kansas news and the Kanoradian</subfield><subfield code="w">(DLC)sn 85030835</subfield></datafield><datafield ind1="0" ind2="5" tag="780"><subfield code="t">Kanorado star</subfield><subfield code="g">Mar. 21, 1929</subfield><subfield code="w">(DLC)sn 85030839</subfield></datafield><datafield ind1="0" ind2="4" tag="785"><subfield code="t">Goodland daily news</subfield><subfield code="x">0893-0562</subfield><subfield code="w">(DLC)sn 85030827</subfield></datafield><datafield ind1="1" ind2=" " tag="029"><subfield code="a">AU@</subfield><subfield code="b">000022173062</subfield></datafield></record>